@article{howard1966information,
  title={Information value theory},
  author={Howard, Ronald and others},
  journal={Systems Science and Cybernetics, IEEE Transactions on},
  volume={2},
  number={1},
  pages={22--26},
  year={1966},
  publisher={IEEE}
}

@article{kushner1964new,
  title={A new method of locating the maximum point of an arbitrary multipeak curve in the presence of noise},
  author={Kushner, Harold J},
  journal={Journal of Fluids Engineering},
  volume={86},
  number={1},
  pages={97--106},
  year={1964},
  publisher={American Society of Mechanical Engineers}
}

@article{jones1998efficient,
  title={Efficient global optimization of expensive black-box functions},
  author={Jones, Donald R and Schonlau, Matthias and Welch, William J},
  journal={Journal of Global optimization},
  volume={13},
  number={4},
  pages={455--492},
  year={1998},
  publisher={Springer}
}

@article{frazier2009knowledge,
  title={The knowledge-gradient policy for correlated normal beliefs},
  author={Frazier, Peter and Powell, Warren and Dayanik, Savas},
  journal={INFORMS journal on Computing},
  volume={21},
  number={4},
  pages={599--613},
  year={2009},
  publisher={INFORMS}
}

@article{ginsbourgertwo,
  title={Two advances in Gaussian Process-based prediction and optimization for computer experiments},
  author={Ginsbourger, David},
  publisher={Citeseer}
}

@incollection{chevalier2013fast,
  title={Fast computation of the multi-points expected improvement with applications in batch selection},
  author={Chevalier, Cl{\'e}ment and Ginsbourger, David},
  booktitle={Learning and Intelligent Optimization},
  pages={59--69},
  year={2013},
  publisher={Springer}
}

@incollection{ginsbourger2010kriging,
  title={Kriging is well-suited to parallelize optimization},
  author={Ginsbourger, David and Le Riche, Rodolphe and Carraro, Laurent},
  booktitle={Computational Intelligence in Expensive Optimization Problems},
  pages={131--162},
  year={2010},
  publisher={Springer}
}

@incollection{janusevskis2012expected,
  title={Expected improvements for the asynchronous parallel global optimization of expensive functions: Potentials and challenges},
  author={Janusevskis, Janis and Le Riche, Rodolphe and Ginsbourger, David and Girdziusas, Ramunas},
  booktitle={Learning and Intelligent Optimization},
  pages={413--418},
  year={2012},
  publisher={Springer}
}

@inproceedings{ginsbourger2007multi,
  title={A multi-points criterion for deterministic parallel global optimization based on Kriging},
  author={Ginsbourger, David and Le Riche, Rodolphe and Carraro, Laurent},
  booktitle={NCP07},
  year={2007}
}
