@article{nemhauser1978analysis,
  title={An analysis of approximations for maximizing submodular set functionsâ€”I},
  author={Nemhauser, George L and Wolsey, Laurence A and Fisher, Marshall L},
  journal={Mathematical Programming},
  volume={14},
  number={1},
  pages={265--294},
  year={1978},
  publisher={Springer}
}

@article{kushner1964new,
  title={A new method of locating the maximum point of an arbitrary multipeak curve in the presence of noise},
  author={Kushner, Harold J},
  journal={Journal of Fluids Engineering},
  volume={86},
  number={1},
  pages={97--106},
  year={1964},
  publisher={American Society of Mechanical Engineers}
}

@article{jones1998efficient,
  title={Efficient global optimization of expensive black-box functions},
  author={Jones, Donald R and Schonlau, Matthias and Welch, William J},
  journal={Journal of Global optimization},
  volume={13},
  number={4},
  pages={455--492},
  year={1998},
  publisher={Springer}
}

@article{villemonteix2009informational,
  title={An informational approach to the global optimization of expensive-to-evaluate functions},
  author={Villemonteix, Julien and Vazquez, Emmanuel and Walter, Eric},
  journal={Journal of Global Optimization},
  volume={44},
  number={4},
  pages={509--534},
  year={2009},
  publisher={Springer}
}

@article{frazier2009knowledge,
  title={The knowledge-gradient policy for correlated normal beliefs},
  author={Frazier, Peter and Powell, Warren and Dayanik, Savas},
  journal={INFORMS journal on Computing},
  volume={21},
  number={4},
  pages={599--613},
  year={2009},
  publisher={INFORMS}
}

@article{cortes1995support,
  title={Support-vector networks},
  author={Cortes, Corinna and Vapnik, Vladimir},
  journal={Machine learning},
  volume={20},
  number={3},
  pages={273--297},
  year={1995},
  publisher={Springer}
}

@article{liaw2002classification,
  title={Classification and regression by randomForest},
  author={Liaw, Andy and Wiener, Matthew},
  journal={R news},
  volume={2},
  number={3},
  pages={18--22},
  year={2002}
}

@article{haykin2004comprehensive,
  title={A comprehensive foundation},
  author={Haykin, Simon and Network, Neural},
  journal={Neural Networks},
  volume={2},
  number={2004},
  year={2004}
}

@inproceedings{mccallum1998comparison,
  title={A comparison of event models for naive bayes text classification},
  author={McCallum, Andrew and Nigam, Kamal and others},
  booktitle={AAAI-98 workshop on learning for text categorization},
  volume={752},
  pages={41--48},
  year={1998},
  organization={Citeseer}
}

@inproceedings{lewis1994sequential,
  title={A sequential algorithm for training text classifiers},
  author={Lewis, David D and Gale, William A},
  booktitle={Proceedings of the 17th annual international ACM SIGIR conference on Research and development in information retrieval},
  pages={3--12},
  year={1994},
  organization={Springer-Verlag New York, Inc.}
}

@article{kleywegt2002sample,
  title={The sample average approximation method for stochastic discrete optimization},
  author={Kleywegt, Anton J and Shapiro, Alexander and Homem-de-Mello, Tito},
  journal={SIAM Journal on Optimization},
  volume={12},
  number={2},
  pages={479--502},
  year={2002},
  publisher={SIAM}
}

@Book{trove.nla.gov.au/work/9892361,
title = { Parameter estimation : principles and problems },
author = { Sorenson, H. W. (Harold Wayne) },
publisher = { New York : Marcel Dekker },
year = { 1980 },
type = { Book; Book/Illustrated },
isbn = { 0824769872 },
subjects = { Estimation theory; Stochastic processes; Stochastic systems; Parameter estimation },
language = { English },
note = { Includes bibliographies and index },
catalogue-url = { http://trove.nla.gov.au/work/9892361 }
}

@article{yin2005genetically,
  title={Genetically encoded short peptide tag for versatile protein labeling by Sfp phosphopantetheinyl transferase},
  author={Yin, Jun and Straight, Paul D and McLoughlin, Shaun M and Zhou, Zhe and Lin, Alison J and Golan, David E and Kelleher, Neil L and Kolter, Roberto and Walsh, Christopher T},
  journal={Proceedings of the National Academy of Sciences of the United States of America},
  volume={102},
  number={44},
  pages={15815--15820},
  year={2005},
  publisher={National Acad Sciences}
}

@article{agarwal2010ranking,
  title={Ranking chemical structures for drug discovery: a new machine learning approach},
  author={Agarwal, Shivani and Dugar, Deepak and Sengupta, Shiladitya},
  journal={Journal of chemical information and modeling},
  volume={50},
  number={5},
  pages={716--731},
  year={2010},
  publisher={ACS Publications}
}

@article{ballester2010machine,
  title={A machine learning approach to predicting protein--ligand binding affinity with applications to molecular docking},
  author={Ballester, Pedro J and Mitchell, John BO},
  journal={Bioinformatics},
  volume={26},
  number={9},
  pages={1169--1175},
  year={2010},
  publisher={Oxford Univ Press}
}

@article{smith2010sirt3,
  title={SIRT3 substrate specificity determined by peptide arrays and machine learning},
  author={Smith, Brian C and Settles, Burr and Hallows, William C and Craven, Mark W and Denu, John M},
  journal={ACS chemical biology},
  volume={6},
  number={2},
  pages={146--157},
  year={2010},
  publisher={ACS Publications}
}