@article{feige98,
	author    = {Uriel Feige},
	title     = {A Threshold of ln \emph{n} for Approximating Set Cover},
	journal   = {J. {ACM}},
	volume    = {45},
	number    = {4},
	pages     = {634--652},
	year      = {1998},
	url       = {http://doi.acm.org/10.1145/285055.285059},
	doi       = {10.1145/285055.285059},
	timestamp = {Thu, 20 Nov 2003 12:28:08 +0100},
	biburl    = {http://dblp.uni-trier.de/rec/bib/journals/jacm/Feige98},
	bibsource = {dblp computer science bibliography, http://dblp.org}
}

@article{nwf78,
  author    = {George L. Nemhauser and
               Laurence A. Wolsey and
               Marshall L. Fisher},
  title     = {An analysis of approximations for maximizing submodular set functions
               - {I}},
  journal   = {Math. Program.},
  volume    = {14},
  number    = {1},
  pages     = {265--294},
  year      = {1978},
  url       = {http://dx.doi.org/10.1007/BF01588971},
  doi       = {10.1007/BF01588971},
  timestamp = {Sat, 09 May 2015 15:19:13 +0200},
  biburl    = {http://dblp.uni-trier.de/rec/bib/journals/mp/NemhauserWF78},
  bibsource = {dblp computer science bibliography, http://dblp.org}
}