Automatically generated by Mendeley Desktop 1.10.1
Any changes to this file will be lost if it is regenerated by Mendeley.

BibTeX export options can be customized via Preferences -> BibTeX in Mendeley Desktop

@article{Company1978,
author = {NemHauser, G.L. and Fisher, M.L. and Wolsey, L.A.},
file = {:Users/jialeiwang/Dropbox/research/Mendeley/NemHauser, Fisher, Wolsey - 1978 - An Analysis of Approximations for Maximizing Submodular Set Functions.pdf:pdf},
keywords = {greedy algorithm,heuristics,interchange algorithm,linear programming,matroid optimization,submodular set functions},
pages = {265--294},
title = {{An Analysis of Approximations for Maximizing Submodular Set Functions}},
volume = {14},
year = {1978}
}
@article{Ginsbourger2008,
author = {Ginsbourger, David and Riche, Rodolphe Le and Carraro, Laurent},
file = {:Users/jialeiwang/Dropbox/research/Mendeley/Ginsbourger, Riche, Carraro - 2008 - A multi-points criterion for deterministic parallel global optimization based on Gaussian processes.pdf:pdf},
journal = {In Intl. Conf. on Nonconvex Programming, NCP07, page ..., Rouen, France.},
keywords = {active learning,ego,expected improvement,kriging,monte-carlo},
pages = {1--30},
title = {{A multi-points criterion for deterministic parallel global optimization based on Gaussian processes}},
url = {http://hal-emse.ccsd.cnrs.fr/hal-00260579/},
year = {2008}
}
@article{Hoi2006,
address = {New York, New York, USA},
author = {Hoi, Steven C. H. and Jin, Rong and Zhu, Jianke and Lyu, Michael R.},
doi = {10.1145/1143844.1143897},
file = {:Users/jialeiwang/Dropbox/research/Mendeley/Hoi et al. - 2006 - Batch mode active learning and its application to medical image classification.pdf:pdf},
isbn = {1595933832},
journal = {Proceedings of the 23rd international conference on Machine learning - ICML '06},
pages = {417--424},
publisher = {ACM Press},
title = {{Batch mode active learning and its application to medical image classification}},
url = {http://portal.acm.org/citation.cfm?doid=1143844.1143897},
year = {2006}
}
@article{Jones1998,
author = {Jones, DR and Schonlau, Matthias and Welch, WJ},
file = {:Users/jialeiwang/Dropbox/research/Mendeley/Jones, Schonlau, Welch - 1998 - Efficient global optimization of expensive black-box functions.pdf:pdf},
journal = {Journal of Global optimization},
keywords = {bayesian global optimization,kriging,process,random function,response surface,stochastic,visualization},
pages = {455--492},
title = {{Efficient global optimization of expensive black-box functions}},
url = {http://www.springerlink.com/index/M5878111M101017P.pdf},
year = {1998}
}
@article{Hoi2006a,
address = {New York, New York, USA},
author = {Hoi, Steven C. H. and Jin, Rong and Lyu, Michael R.},
doi = {10.1145/1135777.1135870},
file = {:Users/jialeiwang/Dropbox/research/Mendeley/Hoi, Jin, Lyu - 2006 - Large-scale text categorization by batch mode active learning.pdf:pdf},
isbn = {1595933239},
journal = {Proceedings of the 15th international conference on World Wide Web - WWW '06},
keywords = {active learning,convex optimization,fisher,information,logistic regression,text categorization},
pages = {633},
publisher = {ACM Press},
title = {{Large-scale text categorization by batch mode active learning}},
url = {http://portal.acm.org/citation.cfm?doid=1135777.1135870},
year = {2006}
}
@article{Negoescu2010,
author = {Negoescu, D. M. and Frazier, P. I. and Powell, W. B.},
doi = {10.1287/ijoc.1100.0417},
file = {:Users/jialeiwang/Dropbox/research/Mendeley/Negoescu, Frazier, Powell - 2010 - The Knowledge-Gradient Algorithm for Sequencing Experiments in Drug Discovery.pdf:pdf},
issn = {1091-9856},
journal = {INFORMS Journal on Computing},
keywords = {accepted august 2010,accepted by allen holder,and health care,area editor for applications,bayesian,decision analysis,design of experiments,history,in advance,in biology,medicine,published online in articles,received august 2009,revised may 2010,sequential,simulation,statistics},
month = dec,
number = {3},
pages = {346--363},
title = {{The Knowledge-Gradient Algorithm for Sequencing Experiments in Drug Discovery}},
url = {http://joc.journal.informs.org/cgi/doi/10.1287/ijoc.1100.0417},
volume = {23},
year = {2010}
}
@article{Chen2013,
author = {Chen, Yuxin and Krause, Andreas and Zurich, E T H},
file = {:Users/jialeiwang/Dropbox/research/Mendeley/Chen, Krause, Zurich - 2013 - Near-optimal Batch Mode Active Learning and Adaptive Submodular Optimization.pdf:pdf},
title = {{Near-optimal Batch Mode Active Learning and Adaptive Submodular Optimization}},
volume = {28},
year = {2013}
}
